<?xml version="1.0" encoding="UTF-8"?><collection xmlns="http://www.loc.gov/MARC21/slim"><record><leader>00396nam--2200133-i-4500</leader><controlfield tag="001">000009564</controlfield><controlfield tag="002">20161230</controlfield><controlfield tag="005">20161230201028</controlfield><controlfield tag="008">060222s1000------------r-----000-0-eng-d</controlfield><datafield ind1=" " ind2=" " tag="245"><subfield code="a">Errors,measurement and results in chemical analysis</subfield></datafield><datafield ind1=" " ind2=" " tag="260"><subfield code="a">London,Van Nostrand Reinhold Company,1969. 155p</subfield></datafield><datafield ind1=" " ind2=" " tag="490"><subfield code="a">The Van Nostrand Series In Analytical Chemistry</subfield></datafield><datafield ind1=" " ind2=" " tag="700"><subfield code="a">Chalmers,R.A</subfield></datafield><datafield ind1=" " ind2=" " tag="852"><subfield code="a">34230</subfield></datafield></record></collection>